@inproceedings{zhou2023sok,
  title     = {{SoK: Decentralized Finance (DeFi) Attacks}},
  author    = {Zhou, Liyi and Xiong, Xihan and Ernstberger, Jens and Chaliasos, Stefanos and Wang, Zhipeng and Wang, Ye and Qin, Kaihua and Wattenhofer, Roger and Song, Dawn and Gervais, Arthur},
  booktitle = {2023 IEEE Symposium on Security and Privacy (SP)},
  pages     = {2444--2461},
  year      = {2023},
  organization = {IEEE},
  doi       = {10.1109/SP54505.2023.00049}
}

@inproceedings{li2022securitydefi,
  title        = {Security Analysis of DeFi: Vulnerabilities, Attacks and Advances},
  author       = {Li, Wenkai and Bu, Jiuyang and Li, Xiaoqi and Chen, Xianyi},
  booktitle    = {Proceedings of the IEEE International Conference on Blockchain (Blockchain 2022)},
  pages        = {488--493},
  year         = {2022},
  organization = {IEEE},
  doi          = {10.1109/Blockchain55522.2022.00075}
}

@inproceedings{liu2024defiscams,
  title     = {I Experienced More than 10 DeFi Scams: On DeFi Usersâ€™ Perception of Security Breaches and Countermeasures},
  author    = {Liu, Mingyi and Huh, Jun Ho and Han, HyungSeok and Lee, Jaehyuk and Ahn, Jihae and Li, Frank and Kim, Hyoungshick and Kim, Taesoo},
  booktitle = {Proceedings of the 33rd USENIX Security Symposium},
  pages     = {6039--6055},
  year      = {2024},
  organization = {USENIX Association}
}

@inproceedings{hust2025,
  title     = {Context-free languages and pushdown automata, fami-hust, 2025},
  author    = {Han, N. D.},
  year      = {2025},
  note      = {Lecture slides, Faculty of Mathematics and Informatics, Hanoi University of Science and Technology, available from course materials}
}

@article{ChenYao2022,
  author  = {Chen, C. and Yao, M. Z.},
  title   = {Strategic use of immersive media and narrative message in virtual marketing: Understanding the roles of telepresence and transportation},
  journal = {Psychology and Marketing},
  year    = {2022},
  volume  = {39},
  number  = {3},
  pages   = {524--542},
  doi     = {10.1002/mar.21630}
}

@article{Deloitte2000,
  author  = {{Deloitte}},
  title   = {The evolving European model of professional sports finance},
  journal = {Journal of Sports Economics},
  year    = {2000},
  volume  = {1},
  number  = {3},
  pages   = {257--276},
  doi     = {10.1177/152700250000100304}
}

@misc{Scribbr2020,
  author       = {{Scribbr}},
  title        = {Develop a theoretical framework in three steps},
  year         = {2020},
  howpublished = {YouTube video},
  note         = {Video},
  url          = {https://youtu.be/4y1BAqOnhMM}
}

@misc{SlatWorp2019,
  author       = {Slat, B. and Worp, C.},
  title        = {Whales likely impacted by Great Pacific garbage patch},
  year         = {2019},
  howpublished = {The Ocean Cleanup},
  url          = {https://www.theoceancleanup.com/updates/whales-likely-impacted-by-great-pacific-garbage-patch/}
}

@misc{SlatWorpHolierhoekND,
  author       = {Slat, B. and Worp, C. and Holierhoek, L.},
  title        = {Whales likely impacted by Great Pacific garbage patch},
  howpublished = {The Ocean Cleanup},
  note         = {Retrieved February 12, 2025},
  url          = {https://www.theoceancleanup.com/updates/whales-likely-impacted-by-great-pacific-garbage-patch/}
}

@book{Launiainen2018,
  author    = {Launiainen, P.},
  title     = {A brief history of everything wireless: How invisible waves have changed the world},
  year      = {2018},
  publisher = {Springer},
  address   = {Cham},
  doi       = {10.1007/978-3-319-78910-1}
}

@inproceedings{Karatas2021,
  author    = {Karatas, E. and Adali, B. and Aydin, O. and Dalkilic, G.},
  title     = {Mobile application that detects COVID-19 from cough and image using smartphone recordings and machine learning},
  booktitle = {2021 Innovations in Intelligent Systems and Applications Conference (ASYU)},
  pages     = {1--6},
  year      = {2021},
  organization = {IEEE},
  doi       = {10.1109/ASYU52992.2021.95989618}
}

@incollection{MarahChallenger2023,
  author    = {Marah, H. and Challenger, M.},
  title     = {An Architecture for Intelligent Agent-Based Digital Twin for Cyber-Physical Systems},
  booktitle = {Digital Twin Driven Intelligent Systems and Emerging Metaverse},
  editor    = {Karaarslan, E. and Aydin, O. and Cali, U. and Challenger, M.},
  publisher = {Springer},
  address   = {Singapore},
  year      = {2023},
  doi       = {10.1007/978-981-99-0252-13}
}
@article{fumy1993,
	author    = {Fumy, Walter and Landrock, Peter},
	title     = {Principles of Key Management},
	journal   = {IEEE Journal on Selected Areas in Communications},
	year      = {1993},
	volume    = {11},
	number    = {5},
	pages     = {785--793}
}

@inproceedings{suratkar2020,
	author    = {Suratkar, Saurabh and Shirole, Mahesh and Bhirud, Sunil},
	title     = {Cryptocurrency Wallet: A Review},
	booktitle = {2020 4th International Conference on Computer, Communication and Signal Processing (ICCCSP)},
	year      = {2020},
	pages     = {1--7},
	publisher = {IEEE},
	doi       = {10.1109/ICCCSP49186.2020.9315193}
}

@article{houy2023,
	author    = {Houy, Sabine and Schmid, Philipp and Bartel, Alexandre},
	title     = {Security Aspects of Cryptocurrency Wallets---A Systematic Literature Review},
	journal   = {ACM Computing Surveys},
	year      = {2023},
	volume    = {56},
	number    = {1},
	pages     = {1--31},
	doi       = {10.1145/3596906}
}

@inproceedings{yu2024,
	author    = {Yu, Yaman and Sharma, Tanusree and Das, Sauvik and Wang, Yang},
	title     = {"Don't Put All Your Eggs In One Basket": How Cryptocurrency Users Choose and Secure Their Wallets},
	booktitle = {Proceedings of the CHI Conference on Human Factors in Computing Systems (CHI '24)},
	year      = {2024},
	publisher = {Association for Computing Machinery},
	address   = {New York, NY, USA},
	doi       = {10.1145/3613904.3642534}
}

@inproceedings{perez2021analysis,
  title     = {Analysis of Smart Contract Vulnerabilities and Exploitation in Ethereum},
  author    = {Perez, Daniel and Livshits, Benjamin},
  booktitle = {Proceedings of the 43rd IEEE Symposium on Security and Privacy (SP)},
  pages     = {603--619},
  year      = {2021},
  organization = {IEEE},
  doi       = {10.1109/SP46214.2021.00036}
}

@article{praitheeshan2019systematic,
  title   = {Systematic Review of Security Vulnerabilities in Ethereum Blockchain Smart Contracts},
  author  = {Praitheeshan, Parameswaran and Pan, Lei and Yu, Jiangshan and Liu, Joseph and Doss, Robin},
  journal = {IEEE Access},
  year    = {2019},
  volume  = {7},
  pages   = {158530--158545},
  doi     = {10.1109/ACCESS.2019.2946910}
}

@inproceedings{perez2020analysis,
  title     = {Analysis of Smart Contract Vulnerabilities and Exploitation on Ethereum},
  author    = {Perez, Daniel and Livshits, Benjamin},
  booktitle = {Financial Cryptography and Data Security: 24th International Conference, FC 2020},
  pages     = {457--471},
  year      = {2020},
  publisher = {Springer},
  address   = {Cham},
  doi       = {10.1007/978-3-030-51280-4_25}
}